<?xml version="1.0" encoding="UTF-8"?>
  <record xmlns="http://www.loc.gov/MARC21/slim" type="Authority">
    <leader>00000nz  a2200000nc 4500</leader>
    <controlfield tag="001">11851640X</controlfield>
    <controlfield tag="003">DE-101</controlfield>
    <controlfield tag="005">20220325080733.0</controlfield>
    <controlfield tag="008">880701n||azznnaabn           | aaa    |c</controlfield>
    <datafield tag="024" ind1="7" ind2=" ">
      <subfield code="a">11851640X</subfield>
      <subfield code="0">http://d-nb.info/gnd/11851640X</subfield>
      <subfield code="2">gnd</subfield>
    </datafield>
    <datafield tag="035" ind1=" " ind2=" ">
      <subfield code="a">(DE-101)11851640X</subfield>
    </datafield>
    <datafield tag="035" ind1=" " ind2=" ">
      <subfield code="a">(DE-588)11851640X</subfield>
    </datafield>
    <datafield tag="035" ind1=" " ind2=" ">
      <subfield code="z">(DE-588a)11851640X</subfield>
      <subfield code="9">v:zg</subfield>
    </datafield>
    <datafield tag="035" ind1=" " ind2=" ">
      <subfield code="z">(DE-588a)119631660</subfield>
    </datafield>
    <datafield tag="035" ind1=" " ind2=" ">
      <subfield code="z">(DE-588c)4008549-1</subfield>
      <subfield code="9">v:zg</subfield>
    </datafield>
    <datafield tag="040" ind1=" " ind2=" ">
      <subfield code="a">DE-101</subfield>
      <subfield code="c">DE-101</subfield>
      <subfield code="9">r:DE-101</subfield>
      <subfield code="b">ger</subfield>
      <subfield code="d">2214</subfield>
      <subfield code="e">rda</subfield>
    </datafield>
    <datafield tag="042" ind1=" " ind2=" ">
      <subfield code="a">gnd1</subfield>
    </datafield>
    <datafield tag="043" ind1=" " ind2=" ">
      <subfield code="c">XA-DE</subfield>
    </datafield>
    <datafield tag="065" ind1=" " ind2=" ">
      <subfield code="a">13.4p</subfield>
      <subfield code="2">sswd</subfield>
    </datafield>
    <datafield tag="065" ind1=" " ind2=" ">
      <subfield code="a">2.2p</subfield>
      <subfield code="2">sswd</subfield>
    </datafield>
    <datafield tag="075" ind1=" " ind2=" ">
      <subfield code="b">p</subfield>
      <subfield code="2">gndgen</subfield>
    </datafield>
    <datafield tag="075" ind1=" " ind2=" ">
      <subfield code="b">piz</subfield>
      <subfield code="2">gndspec</subfield>
    </datafield>
    <datafield tag="079" ind1=" " ind2=" ">
      <subfield code="a">g</subfield>
      <subfield code="q">a</subfield>
      <subfield code="q">d</subfield>
      <subfield code="q">f</subfield>
      <subfield code="q">s</subfield>
      <subfield code="u">v</subfield>
      <subfield code="u">r</subfield>
      <subfield code="u">w</subfield>
      <subfield code="u">o</subfield>
    </datafield>
    <datafield tag="100" ind1="1" ind2=" ">
      <subfield code="a">Bry, Johann Theodor &#152;de&#156;</subfield>
      <subfield code="d">1561-1623</subfield>
    </datafield>
    <datafield tag="375" ind1=" " ind2=" ">
      <subfield code="a">1</subfield>
      <subfield code="2">iso5218</subfield>
    </datafield>
    <datafield tag="400" ind1="1" ind2=" ">
      <subfield code="a">Bry, J.  T. &#152;de&#156;</subfield>
      <subfield code="d">1561-1623</subfield>
    </datafield>
    <datafield tag="400" ind1="1" ind2=" ">
      <subfield code="a">Bry, Johann Theodor</subfield>
      <subfield code="d">1561-1623</subfield>
    </datafield>
    <datafield tag="400" ind1="1" ind2=" ">
      <subfield code="a">Bry, Iohann Theodorus &#152;de&#156;</subfield>
      <subfield code="d">1561-1623</subfield>
    </datafield>
    <datafield tag="400" ind1="1" ind2=" ">
      <subfield code="a">Bry, Johann-Theodorus</subfield>
      <subfield code="d">1561-1623</subfield>
    </datafield>
    <datafield tag="400" ind1="1" ind2=" ">
      <subfield code="a">Bry, Jean-Théodore &#152;de&#156;</subfield>
      <subfield code="d">1561-1623</subfield>
    </datafield>
    <datafield tag="400" ind1="1" ind2=" ">
      <subfield code="a">Bry, Johannes Theodorus &#152;de&#156;</subfield>
      <subfield code="d">1561-1623</subfield>
    </datafield>
    <datafield tag="400" ind1="1" ind2=" ">
      <subfield code="a">Bry, Johann D. &#152;de&#156;</subfield>
      <subfield code="d">1561-1623</subfield>
    </datafield>
    <datafield tag="400" ind1="1" ind2=" ">
      <subfield code="a">Bry, Joh. Theodor. &#152;de&#156;</subfield>
      <subfield code="d">1561-1623</subfield>
    </datafield>
    <datafield tag="400" ind1="1" ind2=" ">
      <subfield code="a">Bry, Io. Theodor &#152;de&#156;</subfield>
      <subfield code="d">1561-1623</subfield>
    </datafield>
    <datafield tag="400" ind1="1" ind2=" ">
      <subfield code="a">Bry, Joh. Theodorus &#152;de&#156;</subfield>
      <subfield code="d">1561-1623</subfield>
    </datafield>
    <datafield tag="400" ind1="1" ind2=" ">
      <subfield code="a">Bry, Joannes Theodorus &#152;de&#156;</subfield>
      <subfield code="d">1561-1623</subfield>
    </datafield>
    <datafield tag="400" ind1="1" ind2=" ">
      <subfield code="a">Bry, Johannes-Theodorus &#152;de&#156;</subfield>
      <subfield code="d">1561-1623</subfield>
    </datafield>
    <datafield tag="400" ind1="1" ind2=" ">
      <subfield code="a">Bry, Johann Theodor &#152;von&#156;</subfield>
      <subfield code="d">1561-1623</subfield>
    </datafield>
    <datafield tag="400" ind1="1" ind2=" ">
      <subfield code="a">Bry, Johann-Theodor &#152;de&#156;</subfield>
      <subfield code="d">1561-1623</subfield>
    </datafield>
    <datafield tag="400" ind1="1" ind2=" ">
      <subfield code="a">Bry, Johan-Theodor &#152;de&#156;</subfield>
      <subfield code="d">1561-1623</subfield>
    </datafield>
    <datafield tag="400" ind1="1" ind2=" ">
      <subfield code="a">Bry, Johan Theodor &#152;de&#156;</subfield>
      <subfield code="d">1561-1623</subfield>
    </datafield>
    <datafield tag="400" ind1="1" ind2=" ">
      <subfield code="a">Bry, Johannes Theodoricus</subfield>
      <subfield code="d">1561-1623</subfield>
    </datafield>
    <datafield tag="400" ind1="1" ind2=" ">
      <subfield code="a">Bry, Joannes Theodoricus &#152;de&#156;</subfield>
      <subfield code="d">1561-1623</subfield>
    </datafield>
    <datafield tag="400" ind1="1" ind2=" ">
      <subfield code="a">Bry, Johannes T. &#152;de&#156;</subfield>
      <subfield code="d">1561-1623</subfield>
    </datafield>
    <datafield tag="400" ind1="1" ind2=" ">
      <subfield code="a">Bry, Hans D.</subfield>
      <subfield code="d">1561-1623</subfield>
    </datafield>
    <datafield tag="400" ind1="1" ind2=" ">
      <subfield code="a">Bry, Hans D. &#152;von&#156;</subfield>
      <subfield code="d">1561-1623</subfield>
    </datafield>
    <datafield tag="400" ind1="1" ind2=" ">
      <subfield code="a">Bry, Hans D. &#152;de&#156;</subfield>
      <subfield code="d">1561-1623</subfield>
    </datafield>
    <datafield tag="400" ind1="1" ind2=" ">
      <subfield code="a">Bry, Hans Dieterich &#152;von&#156;</subfield>
      <subfield code="d">1561-1623</subfield>
    </datafield>
    <datafield tag="400" ind1="1" ind2=" ">
      <subfield code="a">Bry, Hans Dietrich &#152;von&#156;</subfield>
      <subfield code="d">1561-1623</subfield>
    </datafield>
    <datafield tag="400" ind1="1" ind2=" ">
      <subfield code="a">Bry, Johann-Dieterich &#152;von&#156;</subfield>
      <subfield code="d">1561-1623</subfield>
    </datafield>
    <datafield tag="400" ind1="1" ind2=" ">
      <subfield code="a">Bry, Johann Dietherich &#152;de&#156;</subfield>
      <subfield code="d">1561-1623</subfield>
    </datafield>
    <datafield tag="400" ind1="1" ind2=" ">
      <subfield code="a">Bry, Johann Dietrich</subfield>
      <subfield code="d">1561-1623</subfield>
    </datafield>
    <datafield tag="400" ind1="1" ind2=" ">
      <subfield code="a">Bry, Hans T. &#152;de&#156;</subfield>
      <subfield code="d">1561-1623</subfield>
    </datafield>
    <datafield tag="400" ind1="1" ind2=" ">
      <subfield code="a">Bry, Janus T. &#152;de&#156;</subfield>
      <subfield code="d">1561-1623</subfield>
    </datafield>
    <datafield tag="400" ind1="1" ind2=" ">
      <subfield code="a">Bry, Jan Theod. &#152;de&#156;</subfield>
      <subfield code="d">1561-1623</subfield>
    </datafield>
    <datafield tag="400" ind1="1" ind2=" ">
      <subfield code="a">Bry, Théodor &#152;de&#156;</subfield>
      <subfield code="d">1561-1623</subfield>
    </datafield>
    <datafield tag="400" ind1="1" ind2=" ">
      <subfield code="a">Bry, Theodor &#152;de&#156;</subfield>
      <subfield code="d">1561-1623</subfield>
    </datafield>
    <datafield tag="400" ind1="1" ind2=" ">
      <subfield code="a">Bry, Theodor J. &#152;de&#156;</subfield>
      <subfield code="d">1561-1623</subfield>
    </datafield>
    <datafield tag="400" ind1="1" ind2=" ">
      <subfield code="a">Bry, Theodorus &#152;de&#156;</subfield>
      <subfield code="d">1561-1623</subfield>
    </datafield>
    <datafield tag="400" ind1="1" ind2=" ">
      <subfield code="a">Bry, Theodorus J. &#152;de&#156;</subfield>
      <subfield code="d">1561-1623</subfield>
    </datafield>
    <datafield tag="400" ind1="1" ind2=" ">
      <subfield code="a">Bry, Théodore &#152;de&#156;</subfield>
      <subfield code="d">1561-1623</subfield>
    </datafield>
    <datafield tag="400" ind1="1" ind2=" ">
      <subfield code="a">Brius, Theodorus</subfield>
      <subfield code="d">1561-1623</subfield>
    </datafield>
    <datafield tag="400" ind1="1" ind2=" ">
      <subfield code="a">Brij, Johann Theodor &#152;de&#156;</subfield>
      <subfield code="d">1561-1623</subfield>
    </datafield>
    <datafield tag="400" ind1="0" ind2=" ">
      <subfield code="a">Bryanaeus</subfield>
      <subfield code="d">1561-1623</subfield>
    </datafield>
    <datafield tag="400" ind1="0" ind2=" ">
      <subfield code="a">Brij</subfield>
      <subfield code="d">1561-1623</subfield>
    </datafield>
    <datafield tag="400" ind1="0" ind2=" ">
      <subfield code="a">IVB</subfield>
      <subfield code="d">1561-1623</subfield>
    </datafield>
    <datafield tag="400" ind1="1" ind2=" ">
      <subfield code="a">Bry, Jean Théodore &#152;de&#156;</subfield>
      <subfield code="d">1561-1623</subfield>
    </datafield>
    <datafield tag="400" ind1="1" ind2=" ">
      <subfield code="a">Bry, Jan Theodoor &#152;de&#156;</subfield>
      <subfield code="d">1561-1623</subfield>
    </datafield>
    <datafield tag="400" ind1="1" ind2=" ">
      <subfield code="a">Bry, Hans Dietherich &#152;von&#156;</subfield>
      <subfield code="d">1561-1623</subfield>
    </datafield>
    <datafield tag="400" ind1="1" ind2=" ">
      <subfield code="a">Bry, Hans Dietrich &#152;de&#156;</subfield>
      <subfield code="d">1561-1623</subfield>
    </datafield>
    <datafield tag="400" ind1="1" ind2=" ">
      <subfield code="a">De Bry, Johann Theodor</subfield>
      <subfield code="d">1561-1623</subfield>
    </datafield>
    <datafield tag="400" ind1="1" ind2=" ">
      <subfield code="a">De Bry, Jean Theodor</subfield>
      <subfield code="d">1561-1623</subfield>
    </datafield>
    <datafield tag="400" ind1="1" ind2=" ">
      <subfield code="a">Bry, Johann Dietrich &#152;de&#156;</subfield>
      <subfield code="d">1561-1623</subfield>
    </datafield>
    <datafield tag="400" ind1="1" ind2=" ">
      <subfield code="a">Bry, Jean Theodor &#152;de&#156;</subfield>
      <subfield code="d">1561-1623</subfield>
    </datafield>
    <datafield tag="500" ind1="1" ind2=" ">
      <subfield code="0">(DE-101)118516418</subfield>
      <subfield code="0">(DE-588)118516418</subfield>
      <subfield code="0">https://d-nb.info/gnd/118516418</subfield>
      <subfield code="a">Bry, Theodor &#152;de&#156;</subfield>
      <subfield code="d">1528-1598</subfield>
      <subfield code="4">bezf</subfield>
      <subfield code="4">https://d-nb.info/standards/elementset/gnd#familialRelationship</subfield>
      <subfield code="w">r</subfield>
      <subfield code="i">Beziehung familiaer</subfield>
      <subfield code="e">Beziehung familiaer</subfield>
      <subfield code="9">v:Vater</subfield>
    </datafield>
    <datafield tag="500" ind1="1" ind2=" ">
      <subfield code="0">(DE-101)118516396</subfield>
      <subfield code="0">(DE-588)118516396</subfield>
      <subfield code="0">https://d-nb.info/gnd/118516396</subfield>
      <subfield code="a">Bry, Johann Israel &#152;de&#156;</subfield>
      <subfield code="d">1565-1611</subfield>
      <subfield code="4">bezf</subfield>
      <subfield code="4">https://d-nb.info/standards/elementset/gnd#familialRelationship</subfield>
      <subfield code="w">r</subfield>
      <subfield code="i">Beziehung familiaer</subfield>
      <subfield code="e">Beziehung familiaer</subfield>
      <subfield code="9">v:Bruder</subfield>
    </datafield>
    <datafield tag="500" ind1="1" ind2=" ">
      <subfield code="0">(DE-101)118581090</subfield>
      <subfield code="0">(DE-588)118581090</subfield>
      <subfield code="0">https://d-nb.info/gnd/118581090</subfield>
      <subfield code="a">Merian, Matthaeus</subfield>
      <subfield code="c">der Ältere</subfield>
      <subfield code="d">1593-1650</subfield>
      <subfield code="4">bezf</subfield>
      <subfield code="4">https://d-nb.info/standards/elementset/gnd#familialRelationship</subfield>
      <subfield code="w">r</subfield>
      <subfield code="i">Beziehung familiaer</subfield>
      <subfield code="e">Beziehung familiaer</subfield>
      <subfield code="9">v:Schwiegersohn</subfield>
    </datafield>
    <datafield tag="500" ind1="1" ind2=" ">
      <subfield code="0">(DE-101)119049392</subfield>
      <subfield code="0">(DE-588)119049392</subfield>
      <subfield code="0">https://d-nb.info/gnd/119049392</subfield>
      <subfield code="a">Arias Montano, Benito</subfield>
      <subfield code="d">1527-1598</subfield>
      <subfield code="4">beza</subfield>
      <subfield code="4">https://d-nb.info/standards/elementset/gnd#acquaintanceshipOrFriendship</subfield>
      <subfield code="w">r</subfield>
      <subfield code="i">Bekanntschaft</subfield>
      <subfield code="e">Bekanntschaft</subfield>
      <subfield code="9">v:VD-16 Mitverf.</subfield>
    </datafield>
    <datafield tag="500" ind1="1" ind2=" ">
      <subfield code="0">(DE-101)104277009</subfield>
      <subfield code="0">(DE-588)104277009</subfield>
      <subfield code="0">https://d-nb.info/gnd/104277009</subfield>
      <subfield code="a">Boissard, Jean Jacques</subfield>
      <subfield code="d">1528-1602</subfield>
      <subfield code="4">beza</subfield>
      <subfield code="4">https://d-nb.info/standards/elementset/gnd#acquaintanceshipOrFriendship</subfield>
      <subfield code="w">r</subfield>
      <subfield code="i">Bekanntschaft</subfield>
      <subfield code="e">Bekanntschaft</subfield>
      <subfield code="9">v:VD-16 Mitverf.</subfield>
    </datafield>
    <datafield tag="500" ind1="1" ind2=" ">
      <subfield code="a">Broeke, Berend &#152;ten&#156;</subfield>
      <subfield code="4">beza</subfield>
      <subfield code="4">https://d-nb.info/standards/elementset/gnd#acquaintanceshipOrFriendship</subfield>
      <subfield code="w">r</subfield>
      <subfield code="i">Bekanntschaft</subfield>
      <subfield code="e">Bekanntschaft</subfield>
      <subfield code="9">v:VD-16 Mitverf.</subfield>
    </datafield>
    <datafield tag="500" ind1="1" ind2=" ">
      <subfield code="0">(DE-101)118516396</subfield>
      <subfield code="0">(DE-588)118516396</subfield>
      <subfield code="0">https://d-nb.info/gnd/118516396</subfield>
      <subfield code="a">Bry, Johann Israel &#152;de&#156;</subfield>
      <subfield code="d">1565-1611</subfield>
      <subfield code="4">beza</subfield>
      <subfield code="4">https://d-nb.info/standards/elementset/gnd#acquaintanceshipOrFriendship</subfield>
      <subfield code="w">r</subfield>
      <subfield code="i">Bekanntschaft</subfield>
      <subfield code="e">Bekanntschaft</subfield>
      <subfield code="9">v:VD-16 Mitverf.</subfield>
    </datafield>
    <datafield tag="500" ind1="1" ind2=" ">
      <subfield code="0">(DE-101)118516418</subfield>
      <subfield code="0">(DE-588)118516418</subfield>
      <subfield code="0">https://d-nb.info/gnd/118516418</subfield>
      <subfield code="a">Bry, Theodor &#152;de&#156;</subfield>
      <subfield code="d">1528-1598</subfield>
      <subfield code="4">beza</subfield>
      <subfield code="4">https://d-nb.info/standards/elementset/gnd#acquaintanceshipOrFriendship</subfield>
      <subfield code="w">r</subfield>
      <subfield code="i">Bekanntschaft</subfield>
      <subfield code="e">Bekanntschaft</subfield>
      <subfield code="9">v:VD-16 Mitverf.</subfield>
    </datafield>
    <datafield tag="500" ind1="1" ind2=" ">
      <subfield code="0">(DE-101)118726625</subfield>
      <subfield code="0">(DE-588)118726625</subfield>
      <subfield code="0">https://d-nb.info/gnd/118726625</subfield>
      <subfield code="a">Casas, Bartolomé &#152;de las&#156;</subfield>
      <subfield code="d">1484-1566</subfield>
      <subfield code="4">beza</subfield>
      <subfield code="4">https://d-nb.info/standards/elementset/gnd#acquaintanceshipOrFriendship</subfield>
      <subfield code="w">r</subfield>
      <subfield code="i">Bekanntschaft</subfield>
      <subfield code="e">Bekanntschaft</subfield>
      <subfield code="9">v:VD-16 Mitverf.</subfield>
    </datafield>
    <datafield tag="500" ind1="1" ind2=" ">
      <subfield code="0">(DE-101)118780093</subfield>
      <subfield code="0">(DE-588)118780093</subfield>
      <subfield code="0">https://d-nb.info/gnd/118780093</subfield>
      <subfield code="a">Linschoten, Jan Huygen &#152;van&#156;</subfield>
      <subfield code="d">1563-1611</subfield>
      <subfield code="4">beza</subfield>
      <subfield code="4">https://d-nb.info/standards/elementset/gnd#acquaintanceshipOrFriendship</subfield>
      <subfield code="w">r</subfield>
      <subfield code="i">Bekanntschaft</subfield>
      <subfield code="e">Bekanntschaft</subfield>
      <subfield code="9">v:VD-16 Mitverf.</subfield>
    </datafield>
    <datafield tag="500" ind1="1" ind2=" ">
      <subfield code="a">Lonicer, Johann Adam</subfield>
      <subfield code="4">beza</subfield>
      <subfield code="4">https://d-nb.info/standards/elementset/gnd#acquaintanceshipOrFriendship</subfield>
      <subfield code="w">r</subfield>
      <subfield code="i">Bekanntschaft</subfield>
      <subfield code="e">Bekanntschaft</subfield>
      <subfield code="9">v:VD-16 Mitverf.</subfield>
    </datafield>
    <datafield tag="500" ind1="1" ind2=" ">
      <subfield code="0">(DE-101)119242613</subfield>
      <subfield code="0">(DE-588)119242613</subfield>
      <subfield code="0">https://d-nb.info/gnd/119242613</subfield>
      <subfield code="a">Lopes, Duarte</subfield>
      <subfield code="d">1550-</subfield>
      <subfield code="4">beza</subfield>
      <subfield code="4">https://d-nb.info/standards/elementset/gnd#acquaintanceshipOrFriendship</subfield>
      <subfield code="w">r</subfield>
      <subfield code="i">Bekanntschaft</subfield>
      <subfield code="e">Bekanntschaft</subfield>
      <subfield code="9">v:VD-16 Mitverf.</subfield>
    </datafield>
    <datafield tag="500" ind1="1" ind2=" ">
      <subfield code="0">(DE-101)120560194</subfield>
      <subfield code="0">(DE-588)120560194</subfield>
      <subfield code="0">https://d-nb.info/gnd/120560194</subfield>
      <subfield code="a">Pigafetta, Filippo</subfield>
      <subfield code="d">1533-1604</subfield>
      <subfield code="4">beza</subfield>
      <subfield code="4">https://d-nb.info/standards/elementset/gnd#acquaintanceshipOrFriendship</subfield>
      <subfield code="w">r</subfield>
      <subfield code="i">Bekanntschaft</subfield>
      <subfield code="e">Bekanntschaft</subfield>
      <subfield code="9">v:VD-16 Mitverf.</subfield>
    </datafield>
    <datafield tag="510" ind1="2" ind2=" ">
      <subfield code="0">(DE-101)1004502389</subfield>
      <subfield code="0">(DE-588)6146255-X</subfield>
      <subfield code="0">https://d-nb.info/gnd/6146255-X</subfield>
      <subfield code="a">Theodor de Bry der Ältere Erben</subfield>
      <subfield code="4">affi</subfield>
      <subfield code="4">https://d-nb.info/standards/elementset/gnd#affiliation</subfield>
      <subfield code="w">r</subfield>
      <subfield code="i">Affiliation</subfield>
      <subfield code="e">Affiliation</subfield>
    </datafield>
    <datafield tag="548" ind1=" " ind2=" ">
      <subfield code="a">1561-1623</subfield>
      <subfield code="4">datl</subfield>
      <subfield code="4">https://d-nb.info/standards/elementset/gnd#dateOfBirthAndDeath</subfield>
      <subfield code="w">r</subfield>
      <subfield code="i">Lebensdaten</subfield>
    </datafield>
    <datafield tag="550" ind1=" " ind2=" ">
      <subfield code="0">(DE-101)041661656</subfield>
      <subfield code="0">(DE-588)4166165-5</subfield>
      <subfield code="0">https://d-nb.info/gnd/4166165-5</subfield>
      <subfield code="a">Kupferstecher</subfield>
      <subfield code="4">berc</subfield>
      <subfield code="4">https://d-nb.info/standards/elementset/gnd#professionOrOccupation</subfield>
      <subfield code="w">r</subfield>
      <subfield code="i">Charakteristischer Beruf</subfield>
    </datafield>
    <datafield tag="550" ind1=" " ind2=" ">
      <subfield code="0">(DE-101)041767934</subfield>
      <subfield code="0">(DE-588)4176793-7</subfield>
      <subfield code="0">https://d-nb.info/gnd/4176793-7</subfield>
      <subfield code="a">Radierer</subfield>
      <subfield code="4">beru</subfield>
      <subfield code="4">https://d-nb.info/standards/elementset/gnd#professionOrOccupation</subfield>
      <subfield code="w">r</subfield>
      <subfield code="i">Beruf</subfield>
    </datafield>
    <datafield tag="550" ind1=" " ind2=" ">
      <subfield code="0">(DE-101)041383435</subfield>
      <subfield code="0">(DE-588)4138343-6</subfield>
      <subfield code="0">https://d-nb.info/gnd/4138343-6</subfield>
      <subfield code="a">Verleger</subfield>
      <subfield code="4">beru</subfield>
      <subfield code="4">https://d-nb.info/standards/elementset/gnd#professionOrOccupation</subfield>
      <subfield code="w">r</subfield>
      <subfield code="i">Beruf</subfield>
      <subfield code="9">Z:1609-1623</subfield>
    </datafield>
    <datafield tag="551" ind1=" " ind2=" ">
      <subfield code="0">(DE-101)04057878X</subfield>
      <subfield code="0">(DE-588)4057878-1</subfield>
      <subfield code="0">https://d-nb.info/gnd/4057878-1</subfield>
      <subfield code="a">Straßburg</subfield>
      <subfield code="4">ortg</subfield>
      <subfield code="4">https://d-nb.info/standards/elementset/gnd#placeOfBirth</subfield>
      <subfield code="w">r</subfield>
      <subfield code="i">Geburtsort</subfield>
    </datafield>
    <datafield tag="551" ind1=" " ind2=" ">
      <subfield code="0">(DE-101)040537072</subfield>
      <subfield code="0">(DE-588)4053707-9</subfield>
      <subfield code="0">https://d-nb.info/gnd/4053707-9</subfield>
      <subfield code="a">Bad Schwalbach</subfield>
      <subfield code="4">orts</subfield>
      <subfield code="4">https://d-nb.info/standards/elementset/gnd#placeOfDeath</subfield>
      <subfield code="w">r</subfield>
      <subfield code="i">Sterbeort</subfield>
    </datafield>
    <datafield tag="551" ind1=" " ind2=" ">
      <subfield code="0">(DE-101)040181189</subfield>
      <subfield code="0">(DE-588)4018118-2</subfield>
      <subfield code="0">https://d-nb.info/gnd/4018118-2</subfield>
      <subfield code="a">Frankfurt am Main</subfield>
      <subfield code="4">ortw</subfield>
      <subfield code="4">https://d-nb.info/standards/elementset/gnd#placeOfActivity</subfield>
      <subfield code="w">r</subfield>
      <subfield code="i">Wirkungsort</subfield>
      <subfield code="9">Z:-1609; 1619-1623</subfield>
    </datafield>
    <datafield tag="551" ind1=" " ind2=" ">
      <subfield code="0">(DE-101)040436373</subfield>
      <subfield code="0">(DE-588)4043637-8</subfield>
      <subfield code="0">https://d-nb.info/gnd/4043637-8</subfield>
      <subfield code="a">Oppenheim</subfield>
      <subfield code="4">ortw</subfield>
      <subfield code="4">https://d-nb.info/standards/elementset/gnd#placeOfActivity</subfield>
      <subfield code="w">r</subfield>
      <subfield code="i">Wirkungsort</subfield>
      <subfield code="9">Z:1609-1619</subfield>
    </datafield>
    <datafield tag="667" ind1=" " ind2=" ">
      <subfield code="a">7</subfield>
    </datafield>
    <datafield tag="667" ind1=" " ind2=" ">
      <subfield code="a">12</subfield>
    </datafield>
    <datafield tag="667" ind1=" " ind2=" ">
      <subfield code="a">VD-17</subfield>
    </datafield>
    <datafield tag="667" ind1=" " ind2=" ">
      <subfield code="a">DBSM</subfield>
    </datafield>
    <datafield tag="667" ind1=" " ind2=" ">
      <subfield code="a">VD-16</subfield>
    </datafield>
    <datafield tag="670" ind1=" " ind2=" ">
      <subfield code="a">LCAuth</subfield>
    </datafield>
    <datafield tag="670" ind1=" " ind2=" ">
      <subfield code="a">AKL</subfield>
    </datafield>
    <datafield tag="670" ind1=" " ind2=" ">
      <subfield code="a">CERL-Thesaurus</subfield>
    </datafield>
    <datafield tag="670" ind1=" " ind2=" ">
      <subfield code="a">ADB</subfield>
      <subfield code="u">https://www.deutsche-biographie.de/sfz98182.html#adbcontent</subfield>
    </datafield>
    <datafield tag="670" ind1=" " ind2=" ">
      <subfield code="a">NDB</subfield>
      <subfield code="u">https://www.deutsche-biographie.de/gnd11851640X.html#ndbcontent</subfield>
    </datafield>
    <datafield tag="670" ind1=" " ind2=" ">
      <subfield code="a">Wikipedia</subfield>
      <subfield code="u">https://de.wikipedia.org/wiki/Johann_Theodor_de_Bry</subfield>
    </datafield>
    <datafield tag="672" ind1=" " ind2="0">
      <subfield code="a">Opera misericordiae in aes incisa</subfield>
      <subfield code="f">1596</subfield>
    </datafield>
    <datafield tag="672" ind1=" " ind2="0">
      <subfield code="a">Florilegium oder vermehrtes Blumenbuch</subfield>
      <subfield code="f">1641</subfield>
    </datafield>
    <datafield tag="672" ind1=" " ind2="0">
      <subfield code="a">Emblemata secularia mira et iucunda p.</subfield>
      <subfield code="f">1596</subfield>
    </datafield>
    <datafield tag="672" ind1=" " ind2="0">
      <subfield code="a">Emblemata nobilitati et vulgo scitudigna p.</subfield>
      <subfield code="f">1593</subfield>
    </datafield>
    <datafield tag="672" ind1=" " ind2="0">
      <subfield code="a">Emblemata secularia mira iucunda</subfield>
      <subfield code="f">1611</subfield>
    </datafield>
    <datafield tag="672" ind1=" " ind2="0">
      <subfield code="a">Alphabeta et Characters, jam inde a creato mundo ad nostra usque tem*</subfield>
      <subfield code="f">1596</subfield>
    </datafield>
    <datafield tag="672" ind1=" " ind2="0">
      <subfield code="a">Linschoten, Jan Huygen van: Ander Theil der Orientalischen Jndien VOn allen Voelckern Jnsulen Meerporten ...  1597/1598.  (VD16 L 1961)</subfield>
    </datafield>
    <datafield tag="672" ind1=" " ind2="0">
      <subfield code="a">Acta Mechmeti I. Saracenorum principis natales vitam victorias et mortem eius ominosam complectentia.  1597.  (VD16 ZV 2613)</subfield>
    </datafield>
    <datafield tag="672" ind1=" " ind2="0">
      <subfield code="a">OPERA MISERICORDIAE AD CORPVS PERTINENTIA, FIGVRIS ET ICONIBVS IN AES INCISIS EXPRESSA ...  1596.  (VD16 B 8816)</subfield>
    </datafield>
    <datafield tag="672" ind1=" " ind2="0">
      <subfield code="a">EMBLEMATA SAECVLARIA, MIRA ET IVCVNDA VARIETATE SAECVLI HVIVS MORES ITA EXprimentia, vt ...  1596.  (VD16 B 8815)</subfield>
    </datafield>
    <datafield tag="672" ind1=" " ind2="0">
      <subfield code="a">Alphabeta et characteres.  1596.  (VD16 ZV 19140)</subfield>
    </datafield>
    <datafield tag="672" ind1=" " ind2="0">
      <subfield code="a">NOVA ALPHATI EFFICTIO Historiis ad singulas literas correspondẽtibus, et toreumate ...  1595.  (VD16 N 1899)</subfield>
    </datafield>
    <datafield tag="672" ind1=" " ind2="0">
      <subfield code="a">Lopes, Duarte: REGNVM CONGO hoc est VERA DESCRIPTIO REGNI AFRICANI, QVOD TAM AB INCOLIS QVAM ...  1598.  (VD16 L 2489)</subfield>
    </datafield>
    <datafield tag="672" ind1=" " ind2="0">
      <subfield code="a">Lopes, Duarte: REGNVM CONGO hoc est. Warhaffte vnd Eigentliche Beschreibung deß Koenigreichs Congo in ...  1597.  (VD16 L 2488)</subfield>
    </datafield>
    <datafield tag="672" ind1=" " ind2="0">
      <subfield code="a">Arias Montano, Benito: DAVID, VIRTVTIS EXERCITAtissimae probatum Deo spectaculum, ex Dauidis, Pastoris, Militis ...  1597.  (VD16 A 3257)</subfield>
    </datafield>
    <datafield tag="672" ind1=" " ind2="0">
      <subfield code="a">Linschoten, Jan Huygen van: II.PAHS INDIAE ORIENTALIS. IN QVA IOHAN. HVGONIS LINTSCOTANI Nauigatio in Orientem, itea ...  1599.  (VD16 L 1962)</subfield>
    </datafield>
    <datafield tag="672" ind1=" " ind2="0">
      <subfield code="a">Bry, Johann T. de: Nova alphabeti effictio historiis singulas literas p.</subfield>
      <subfield code="f">1595</subfield>
    </datafield>
    <datafield tag="672" ind1=" " ind2="0">
      <subfield code="a">Bry, Johann T. de: Florilegium novum, Neu Blumen Buch</subfield>
      <subfield code="f">1612</subfield>
    </datafield>
    <datafield tag="672" ind1=" " ind2="0">
      <subfield code="a">Bry, Johann T. de: Opera misericordiae in aes incisa</subfield>
      <subfield code="f">1596</subfield>
    </datafield>
    <datafield tag="672" ind1=" " ind2="0">
      <subfield code="a">Bry, Johann T. de: Florilegium oder vermehrtes Blumenbuch</subfield>
      <subfield code="f">1641</subfield>
    </datafield>
    <datafield tag="672" ind1=" " ind2="0">
      <subfield code="a">Bry, Johann T. de: Emblemata secularia mira et iucunda p.</subfield>
      <subfield code="f">1596</subfield>
    </datafield>
    <datafield tag="672" ind1=" " ind2="0">
      <subfield code="a">Bry, Johann T. de: Emblemata nobilitati et vulgo scitudigna p.</subfield>
      <subfield code="f">1593</subfield>
    </datafield>
    <datafield tag="672" ind1=" " ind2="0">
      <subfield code="a">Bry, Johann T. de: Emblemata secularia mira iucunda</subfield>
      <subfield code="f">1611</subfield>
    </datafield>
    <datafield tag="672" ind1=" " ind2="0">
      <subfield code="a">Bry, Theodor de: Nova Alphabeti efficti</subfield>
      <subfield code="f">1595</subfield>
    </datafield>
    <datafield tag="672" ind1=" " ind2="0">
      <subfield code="a">Bry, Johann T. de: Alphabeta et Characters, jam inde a creato mundo ad nostra usque tem*</subfield>
      <subfield code="f">1596</subfield>
    </datafield>
    <datafield tag="678" ind1=" " ind2=" ">
      <subfield code="b">Kupferstecher, Büchsenmeister und Verleger</subfield>
    </datafield>
    <datafield tag="913" ind1=" " ind2=" ">
      <subfield code="S">pnd</subfield>
      <subfield code="i">a</subfield>
      <subfield code="a">Bry, Johann Theodor /de</subfield>
      <subfield code="0">(DE-588a)11851640X</subfield>
    </datafield>
  </record>
